@article{Bargetto2023AConstraints,
    title = {{A branch-and-price-and-cut algorithm for operating room scheduling under human resource constraints}},
    year = {2023},
    journal = {Computers {\&} Operations Research},
    author = {Bargetto, Roberto and Garaix, Thierry and Xie, Xiaolan},
    month = {4},
    pages = {106136},
    volume = {152},
    publisher = {Pergamon},
    doi = {10.1016/J.COR.2022.106136},
    issn = {0305-0548},
    keywords = {Benders’ cuts, Branch-and-price-and-cut, Column generation, Labeling algorithm, Operating room scheduling, Operations research in healthcare}
}

@misc{Pandit2021AServices,
    title = {{A Case Study of Amazon Web Services}},
    year = {2021},
    author = {Pandit, Pooja},
    month = {5},
    pages = {},
    doi = {10.13140/RG.2.2.18114.09921}
}

@article{Maleki2023AMoment,
    title = {{A comparative analysis of the efficient operating room scheduling models using robust optimization and upper partial moment}},
    year = {2023},
    journal = {Healthcare Analytics},
    author = {Maleki, A. and Hosseininesaz, H. and Jasemi, M.},
    pages = {},
    volume = {3},
    doi = {10.1016/j.health.2023.100144}
}

@article{Potdar2017AClassifiers,
    title = {{A Comparative Study of Categorical Variable Encoding Techniques for Neural Network Classifiers}},
    year = {2017},
    journal = {International Journal of Computer Applications},
    author = {Potdar, Kedar and S., Taher and D., Chinmay},
    number = {4},
    month = {10},
    pages = {7--9},
    volume = {175},
    doi = {10.5120/ijca2017915495},
    issn = {09758887}
}

@article{Lin2020AScheduling,
    title = {{A hybrid genetic algorithm for operating room scheduling}},
    year = {2020},
    journal = {Health Care Management Science},
    author = {Lin, Yang-Kuei and Chou, Yin-Yi},
    number = {2},
    month = {6},
    pages = {249--263},
    volume = {23},
    doi = {10.1007/s10729-019-09481-5},
    issn = {1386-9620}
}

@article{McCulloh1943ANets,
    title = {{A logical calculus of the ideas immanent in neural nets}},
    year = {1943},
    journal = {Bull Math. Biophys},
    author = {McCulloh, W S and Pitts, W},
    pages = {133--137},
    volume = {5}
}

@article{Kantor2020AIntegration,
    title = {{A Mixed-Integer Linear Programming Formulation for Optimizing Multi-Scale Material and Energy Integration}},
    year = {2020},
    journal = {Frontiers in Energy Research},
    author = {Kantor, Ivan and Robineau, Jean-Loup and B{\"{u}}t{\"{u}}n, Hür and Mar{\'{e}}chal, François},
    month = {4},
    volume = {8},
    doi = {10.3389/fenrg.2020.00049},
    issn = {2296-598X}
}

@inproceedings{Yu2013AProcess,
    title = {{A particle swarm optimization algorithm on the surgery scheduling problem with downstream process}},
    year = {2013},
    booktitle = {2013 25th Chinese Control and Decision Conference (CCDC)},
    author = {Yu, Wang and Yunhui, Miao and Huabo, Zhu and Jiafu, Tang},
    month = {5},
    pages = {850--855},
    publisher = {IEEE},
    isbn = {978-1-4673-5534-6},
    doi = {10.1109/CCDC.2013.6561041}
}

@article{Celik2023APrinciple,
    title = {{A stochastic programming approach to surgery scheduling under parallel processing principle}},
    year = {2023},
    journal = {Omega},
    author = {{\c{C}}elik, Batuhan and Gul, Serhat and {\c{C}}elik, Melih},
    month = {2},
    pages = {102799},
    volume = {115},
    publisher = {Pergamon},
    doi = {10.1016/J.OMEGA.2022.102799},
    issn = {0305-0483},
    keywords = {Parallel processing, Progressive hedging, Stochastic programming, Surgery scheduling}
}

@article{Emmanuel2021ALearning,
    title = {{A survey on missing data in machine learning}},
    year = {2021},
    journal = {Journal of Big Data},
    author = {Emmanuel, Tlamelo and Maupong, Thabiso and Mpoeleng, Dimane and Semong, Thabo and Mphago, Banyatsang and Tabona, Oteng},
    number = {1},
    month = {10},
    pages = {140},
    volume = {8},
    doi = {10.1186/s40537-021-00516-9},
    issn = {2196-1115}
}

@article{Moayedi2020AApplications,
    title = {{A systematic review and meta-analysis of artificial neural network application in geotechnical engineering: theory and applications}},
    year = {2020},
    journal = {Neural Computing and Applications},
    author = {Moayedi, Hossein and Mosallanezhad, Mansour and Rashid, Ahmad Safuan A. and Jusoh, Wan Amizah Wan and Muazu, Mohammed Abdullahi},
    number = {2},
    month = {1},
    pages = {495--518},
    volume = {32},
    doi = {10.1007/s00521-019-04109-9},
    issn = {0941-0643}
}

@techreport{Armbrust2009AboveComputing,
    title = {{Above the Clouds: A Berkeley View of Cloud Computing}},
    year = {2009},
    author = {Armbrust, Michael and Fox, Armando and Griffith, Rean and Joseph, Anthony D and Katz, Randy H and Konwinski, Andrew and Lee, Gunho and Patterson, David A and Rabkin, Ariel and Stoica, Ion and Zaharia, Matei},
    number = {UCB/EECS-2009-28},
    month = {2},
    url = {http://www2.eecs.berkeley.edu/Pubs/TechRpts/2009/EECS-2009-28.html},
    institution = {EECS Department, University of California, Berkeley}
}

@incollection{Reese2009AmazonComputing,
    title = {{Amazon Cloud Computing}},
    year = {2009},
    booktitle = {Cloud Application Architectures},
    author = {Reese, George},
    editor = {Oram, Andy},
    chapter = {2},
    edition = {1},
    pages = {25--47},
    volume = {1},
    publisher = {O'Reilly},
    address = {United States}
}

@misc{AmazonHttps://aws.amazon.com,
    title = {{Amazon Web Services: https://aws.amazon.com}},
    url = {https://aws.amazon.com/es/}
}

@article{DiMartinelly2014AnScheduling,
    title = {{An assessment of the integration of nurse timetable changes with operating room planning and scheduling}},
    year = {2014},
    journal = {International Journal of Production Research},
    author = {Di Martinelly, C. and Baptiste, P. and Maknoon, M.Y.},
    number = {24},
    month = {12},
    pages = {7239--7250},
    volume = {52},
    doi = {10.1080/00207543.2014.916827},
    issn = {0020-7543}
}

@article{Gur2018ApplicationOverview,
    title = {{Application of Operational Research Techniques in Operating Room Scheduling Problems: Literature Overview}},
    year = {2018},
    journal = {Journal of Healthcare Engineering},
    author = {G{\"{u}}r, Ş. and Eren, T.},
    pages = {},
    volume = {2018},
    doi = {10.1155/2018/5341394}
}

@article{Huang2022AutomaticNetworks,
    title = {{Automatic Surgery and Anesthesia Emergence Duration Prediction Using Artificial Neural Networks}},
    year = {2022},
    journal = {Journal of Healthcare Engineering},
    author = {Huang, Li and Chen, Xiaomin and Liu, Wenzhi and Shih, Po-Chou and Bao, Jiaxin},
    month = {4},
    pages = {1--17},
    volume = {2022},
    doi = {10.1155/2022/2921775},
    issn = {2040-2309}
}

@book{Culkin2022AWSAWS,
    title = {{AWS Cookbook: Recipes for Sccess on AWS}},
    year = {2022},
    author = {Culkin, John and Zazon, Mike},
    edition = {1},
    publisher = {O'Reilly},
    address = {United States}
}

@article{Breiman1996BaggingPredictors,
    title = {{Bagging predictors}},
    year = {1996},
    journal = {Machine Learning},
    author = {Breiman, Leo},
    number = {2},
    month = {8},
    pages = {123--140},
    volume = {24},
    doi = {10.1007/BF00058655},
    issn = {0885-6125}
}

@article{Murthy2020BlockchainChallenges,
    title = {{Blockchain Based Cloud Computing: Architecture and Research Challenges}},
    year = {2020},
    journal = {IEEE Access},
    author = {Murthy, Ch. V. N. U. Bharathi and Shri, M. Lawanya and Kadry, Seifedine and Lim, Sangsoon},
    pages = {205190--205205},
    volume = {8},
    doi = {10.1109/ACCESS.2020.3036812},
    issn = {2169-3536}
}

@misc{CloudArchitecture,
    title = {{Cloud Computing Architecture}},
    url = {https://www.javatpoint.com/cloud-computing-architecture}
}

@article{PinalVChauhan2012CloudSystem,
    title = {{Cloud Computing In Distributed System}},
    year = {2012},
    journal = {IJERT},
    author = {{Pinal V Chauhan}},
    number = {10},
    month = {12},
    volume = {01}
}

@article{F.Marin2019CloudComputing,
    title = {{Cloud Computing y Grid Computing}},
    year = {2019},
    journal = {Conogasi, Conocimiento para la vida.},
    author = {{F. Marin}},
    month = {9}
}

@misc{SaezHurtado2021ComoUtilizarla,
    title = {{C{\'{o}}mo funciona la Metodolog{\'{i}}a Scrum: qu{\'{e}} es y c{\'{o}}mo utilizarla}},
    year = {2021},
    booktitle = {IEBS},
    author = {S{\'{a}}ez Hurtado, Javier},
    month = {12},
    url = {https://www.iebschool.com/blog/metodologia-scrum-agile-scrum/}
}

@book{Garey1990ComputersNP-Completeness,
    title = {{Computers and Intractability; A Guide to the Theory of NP-Completeness}},
    year = {1990},
    author = {Garey, Michael R and Johnson, David S},
    publisher = {W. H. Freeman {\&} Co.},
    address = {USA},
    isbn = {0716710455}
}

@article{Jiao2022ContinuousNetwork,
    title = {{Continuous real-time prediction of surgical case duration using a modular artificial neural network}},
    year = {2022},
    journal = {British Journal of Anaesthesia},
    author = {Jiao, York and Xue, Bing and Lu, Chenyang and Avidan, Michael S. and Kannampallil, Thomas},
    number = {5},
    month = {5},
    pages = {829--837},
    volume = {128},
    doi = {10.1016/j.bja.2021.12.039},
    issn = {00070912}
}

@article{Greenacre2009CorrespondenceAnalysis,
    title = {{Correspondence Analysis}},
    year = {2009},
    journal = {International Encyclopedia of Education, Third Edition},
    author = {Greenacre, M.},
    month = {1},
    pages = {103--111},
    publisher = {Elsevier},
    isbn = {9780080448947},
    doi = {10.1016/B978-0-08-044894-7.01317-8},
    keywords = {Categorical data, Chi-square distance, Contingency table, Correspondence analysis, Multivariate analysis, Principal component analysis, Questionnaire survey, Visualization}
}

@inproceedings{McKinney2010DataPython,
    title = {{Data structures for statistical computing in python}},
    year = {2010},
    booktitle = {Proceedings of the 9th Python in Science Conference},
    author = {McKinney, Wes and {others}},
    pages = {51--56},
    volume = {445}
}

@article{Fortin2012DEAP:Easy,
    title = {{DEAP: Evolutionary Algorithms Made Easy}},
    year = {2012},
    journal = {Journal of Machine Learning Research},
    author = {Fortin, Félix-Antoine and Rainville, François-Michel De and Gardner, Marc-André and Parizeau, Marc and Gagn{\'{e}}, Christian},
    number = {70},
    pages = {2171--2175},
    volume = {13},
    url = {http://jmlr.org/papers/v13/fortin12a.html}
}

@article{Pop2014DesigningDevelopment,
    title = {{Designing an MVC Model for Rapid Web Application Development}},
    year = {2014},
    journal = {Procedia Engineering},
    author = {Pop, Dragos Paul and Altar, Adam},
    month = {1},
    pages = {1172--1179},
    volume = {69},
    publisher = {No longer published by Elsevier},
    doi = {10.1016/J.PROENG.2014.03.106},
    issn = {1877-7058},
    keywords = {Controller, Design pattern, MVC, Model, View, Web application}
}

@misc{Bonthu2021DetectingOutliers,
    title = {{Detecting and Treating Outliers}},
    year = {2021},
    booktitle = {Data Science Blogathon},
    author = {Bonthu, Harika},
    month = {5},
    url = {https://www.analyticsvidhya.com/blog/2021/05/detecting-and-treating-outliers-treating-the-odd-one-out/}
}

@article{Merkel2014Docker:Deployment,
    title = {{Docker: lightweight linux containers for consistent development and deployment}},
    year = {2014},
    journal = {Linux journal},
    author = {Merkel, Dirk},
    number = {239},
    pages = {2},
    volume = {2014}
}

@book{Grinberg2018FlaskPython,
    title = {{Flask web development: developing web applications with python}},
    year = {2018},
    author = {Grinberg, Miguel},
    publisher = {" O'Reilly Media, Inc."}
}

@book{Goldberg1989GeneticLearning,
    title = {{Genetic Algorithms in Search, Optimization and Machine Learning}},
    year = {1989},
    author = {Goldberg, David},
    edition = {2{\textordmasculine}},
    month = {1},
    publisher = {Addison-Wesley},
    address = {United States}
}

@misc{Jones2018GettingGuide,
    title = {{Getting Going and Best Practices Guide}},
    year = {2018},
    booktitle = {Github Gist},
    author = {Jones, Jamie},
    url = {https://gist.github.com/jbjonesjr/d4854be10e2df5e2f91c4b4928d8ec68}
}

@article{Rana2022HighDesign,
    title = {{High assurance software architecture and design}},
    year = {2022},
    journal = {System Assurances: Modeling and Management},
    author = {Rana, Muhammad Ehsan and Saleh, Omar S.},
    month = {1},
    pages = {271--285},
    publisher = {Elsevier},
    isbn = {9780323902403},
    doi = {10.1016/B978-0-323-90240-3.00015-1},
    keywords = {Antipatterns, Design patterns, Design principles, Refactoring, Software architecture, Software design, Software quality}
}

@article{Britton2005IdentifyingDiagrams,
    title = {{Identifying functionality: CRC cards and interaction diagrams}},
    year = {2005},
    journal = {A Student Guide to Object-Oriented Development},
    author = {Britton, Carol and Doake, Jill},
    pages = {147--180},
    publisher = {Elsevier},
    doi = {10.1016/B978-075066123-2/50006-2}
}

@article{1998IEEESpecifications,
    title = {{IEEE Recommended Practice for Software Requirements Specifications}},
    year = {1998},
    journal = {IEEE Std 830-1998},
    number = {},
    pages = {1--40},
    volume = {},
    doi = {10.1109/IEEESTD.1998.88286}
}

@article{Sandbaek2014ImpactEfficiency,
    title = {{Impact of changed management policies on operating room efficiency}},
    year = {2014},
    journal = {BMC Health Services Research},
    author = {Sandbaek, Birgithe E and Helgheim, Berit I and Larsen, Odd I and Fasting, Sigurd},
    number = {1},
    month = {12},
    pages = {224},
    volume = {14},
    doi = {10.1186/1472-6963-14-224},
    issn = {1472-6963}
}

@article{Master2017ImprovingLearning,
    title = {{Improving predictions of pediatric surgical durations with supervised learning}},
    year = {2017},
    journal = {International Journal of Data Science and Analytics},
    author = {Master, Neal and Zhou, Zhengyuan and Miller, Daniel and Scheinker, David and Nicholas Bambos, · and Glynn, · Peter and Bambos, Nicholas and Glynn, Peter},
    pages = {35--52},
    volume = {4},
    doi = {10.1007/s41060-017-0055-0},
    keywords = {Pediatric surgery, Predictive modeling, Supervised learning, Surgical scheduling}
}

@article{GarridoElustondo2012InvestigacionPrimaria,
    title = {{Investigaci{\'{o}}n y protecci{\'{o}}n de datos personales en atenci{\'{o}}n primaria}},
    year = {2012},
    journal = {Atenci{\'{o}}n Primaria},
    author = {Garrido Elustondo, Sofía and Cabello Ballesteros, Luisa and Galende Dom{\'{i}}nguez, Inés and Riesgo Fuertes, Rosario and Rodr{\'{i}}guez Barrientos, Ricardo and Polentinos Castro, Elena},
    number = {3},
    month = {3},
    pages = {172--177},
    volume = {44},
    doi = {10.1016/j.aprim.2011.02.009},
    issn = {02126567}
}

@misc{WeissteinLeastFitting,
    title = {{Least Squares Fitting}},
    booktitle = {MathWorld -- A Wolfram Web Resource},
    author = {Weisstein, Eric W},
    url = {https://mathworld.wolfram.com/LeastSquaresFitting.html}
}

@article{Martinez2021MachinePrediction,
    title = {{Machine learning for surgical time prediction}},
    year = {2021},
    journal = {Computer Methods and Programs in Biomedicine},
    author = {Martinez, Oscar and Martinez, Carol and Parra, Carlos A. and Rugeles, Saul and Suarez, Daniel R.},
    month = {9},
    pages = {106220},
    volume = {208},
    publisher = {Elsevier},
    doi = {10.1016/J.CMPB.2021.106220},
    issn = {0169-2607},
    pmid = {34161848},
    keywords = {Assembly methods, Linear regression, Machine learning, Regression trees, Support vector machine, Surgical time prediction}
}

@inproceedings{Buyya2008Market-OrientedUtilities,
    title = {{Market-Oriented Cloud Computing: Vision, Hype, and Reality for Delivering IT Services as Computing Utilities}},
    year = {2008},
    booktitle = {2008 10th IEEE International Conference on High Performance Computing and Communications},
    author = {Buyya, Rajkumar and Yeo, Chee Shin and Venugopal, Srikumar},
    month = {9},
    pages = {5--13},
    publisher = {IEEE},
    isbn = {978-0-7695-3352-0},
    doi = {10.1109/HPCC.2008.172}
}

@article{Floudas2005MixedApplications,
    title = {{Mixed Integer Linear Programming in Process Scheduling: Modeling, Algorithms, and Applications}},
    year = {2005},
    journal = {Annals of Operations Research},
    author = {Floudas, Christodoulos A. and Lin, Xiaoxia},
    number = {1},
    month = {10},
    pages = {131--162},
    volume = {139},
    doi = {10.1007/s10479-005-3446-x},
    issn = {0254-5330}
}

@inproceedings{RichardsMixed-integerControl,
    title = {{Mixed-integer programming for control}},
    booktitle = {Proceedings of the 2005, American Control Conference, 2005.},
    author = {Richards, A. and How, J.},
    pages = {2676--2683},
    publisher = {IEEE},
    isbn = {0-7803-9098-9},
    doi = {10.1109/ACC.2005.1470372}
}

@article{Ansarifar2018Multi-objectiveUncertainty,
    title = {{Multi-objective integrated planning and scheduling model for operating rooms under uncertainty}},
    year = {2018},
    journal = {Proceedings of the Institution of Mechanical Engineers, Part H: Journal of Engineering in Medicine},
    author = {Ansarifar, Javad and Tavakkoli-Moghaddam, Reza and Akhavizadegan, Faezeh and Hassanzadeh Amin, Saman},
    number = {9},
    month = {9},
    pages = {930--948},
    volume = {232},
    doi = {10.1177/0954411918794721},
    issn = {0954-4119}
}

@book{Haykin1998NeuralFoundation,
    title = {{Neural Networks: A Comprehensive Foundation}},
    year = {1998},
    author = {Haykin, Simon},
    edition = {2},
    publisher = {Prentice Hall},
    address = {Delhi}
}

@book{Hecht-Nielsen1989Neurocomputing,
    title = {{Neurocomputing}},
    year = {1989},
    author = {Hecht-Nielsen, Robert},
    publisher = {Addison-Wesley Longman Publishing Co., Inc.}
}

@incollection{Chung2009OnEngineering,
    title = {{On Non-Functional Requirements in Software Engineering}},
    year = {2009},
    author = {Chung, Lawrence and do Prado Leite, Julio Cesar Sampaio},
    pages = {363--379},
    doi = {10.1007/978-3-642-02463-4{\_}19}
}

@article{Rothstein2018OperatingEfficiency,
    title = {{Operating room efficiency}},
    year = {2018},
    journal = {Seminars in Pediatric Surgery},
    author = {Rothstein, David H. and Raval, Mehul V.},
    number = {2},
    month = {4},
    pages = {79--85},
    volume = {27},
    doi = {10.1053/j.sempedsurg.2018.02.004},
    issn = {10558586}
}

@article{Schouten2023OperatingReview,
    title = {{Operating Room Performance Optimization Metrics: a Systematic Review}},
    year = {2023},
    journal = {Journal of Medical Systems},
    author = {Schouten, A.M. and Flipse, S.M. and van Nieuwenhuizen, K.E. and Jansen, F.W. and van der Eijk, A.C. and van den Dobbelsteen, J.J.},
    number = {1},
    pages = {},
    volume = {47},
    doi = {10.1007/s10916-023-01912-9}
}

@inproceedings{Nouaouri2011OperatingDisaster,
    title = {{Operating room scheduling under unexpected events : the case of a disaster}},
    year = {2011},
    author = {Nouaouri, Issam and Nicolas, J-C. and Jolly, Daniel}
}

@article{Almomany2022OptimizedStudy,
    title = {{Optimized implementation of an improved KNN classification algorithm using Intel FPGA platform: Covid-19 case study}},
    year = {2022},
    journal = {Journal of King Saud University - Computer and Information Sciences},
    author = {Almomany, Abedalmuhdi and Ayyad, Walaa R. and Jarrah, Amin},
    number = {6},
    month = {6},
    pages = {3815--3827},
    volume = {34},
    publisher = {Elsevier},
    doi = {10.1016/J.JKSUCI.2022.04.006},
    issn = {1319-1578},
    keywords = {DCT-KNN, FPGA, HDL, HLS, OPENCL}
}

@article{Brailsford2011ORPerspective,
    title = {{OR in healthcare: A European perspective}},
    year = {2011},
    journal = {European Journal of Operational Research},
    author = {Brailsford, Sally and Vissers, Jan},
    number = {2},
    month = {7},
    pages = {223--234},
    volume = {212},
    publisher = {North-Holland},
    doi = {10.1016/J.EJOR.2010.10.026},
    issn = {0377-2217},
    keywords = {Applications of OR, OR in health services, Review}
}

@article{Page1963OrderedRanks,
    title = {{Ordered Hypotheses for Multiple Treatments: A Significance Test for Linear Ranks}},
    year = {1963},
    journal = {Journal of the American Statistical Association},
    author = {Page, Ellis Batten},
    number = {301},
    month = {3},
    pages = {216--230},
    volume = {58},
    doi = {10.1080/01621459.1963.10500843},
    issn = {0162-1459}
}

@article{Cayirli2009OutpatientLiterature,
    title = {{Outpatient scheduling in health care: a review of literature}},
    year = {2009},
    journal = {Production and Operations Management},
    author = {Cayirli, Tugba and Veral, Emre},
    number = {4},
    month = {1},
    pages = {519--549},
    volume = {12},
    doi = {10.1111/j.1937-5956.2003.tb00218.x},
    issn = {10591478}
}

@inproceedings{Navada2011OverviewLearning,
    title = {{Overview of use of decision tree algorithms in machine learning}},
    year = {2011},
    booktitle = {2011 IEEE Control and System Graduate Research Colloquium},
    author = {Navada, Arundhati and Ansari, Aamir Nizam and Patil, Siddharth and Sonkamble, Balwant A.},
    month = {6},
    pages = {37--42},
    publisher = {IEEE},
    isbn = {978-1-4577-0337-9},
    doi = {10.1109/ICSGRC.2011.5991826}
}

@article{Xing2000ParallelJobs,
    title = {{Parallel machine scheduling with splitting jobs}},
    year = {2000},
    journal = {Discrete Applied Mathematics},
    author = {Xing, Wenxun and Zhang, Jiawei},
    number = {1-3},
    month = {7},
    pages = {259--269},
    volume = {103},
    doi = {10.1016/S0166-218X(00)00176-1},
    issn = {0166218X}
}

@article{Wang2015ParticleResources,
    title = {{Particle swarm optimization-based planning and scheduling for a laminar-flow operating room with downstream resources}},
    year = {2015},
    journal = {Soft Computing},
    author = {Wang, Yu and Tang, Jiafu and Pan, Zhendong and Yan, Chongjun},
    number = {10},
    month = {10},
    pages = {2913--2926},
    volume = {19},
    doi = {10.1007/s00500-014-1453-z},
    issn = {1432-7643}
}

@incollection{ShahabiKargar2014PredictingSurgery,
    title = {{Predicting Procedure Duration to Improve Scheduling of Elective Surgery}},
    year = {2014},
    author = {ShahabiKargar, Zahra and Khanna, Sankalp and Good, Norm and Sattar, Abdul and Lind, James and O’Dwyer, John},
    pages = {998--1009},
    doi = {10.1007/978-3-319-13560-1{\_}86}
}

@article{Geurtsen2023ProductionReview,
    title = {{Production, maintenance and resource scheduling: A review}},
    year = {2023},
    journal = {European Journal of Operational Research},
    author = {Geurtsen, M. and Didden, Jeroen B.H.C. and Adan, J. and Atan, Z. and Adan, I.},
    number = {2},
    month = {3},
    pages = {501--529},
    volume = {305},
    publisher = {North-Holland},
    doi = {10.1016/J.EJOR.2022.03.045},
    issn = {0377-2217},
    keywords = {Maintenance, Production, Resource, Review, Scheduling}
}

@book{VanRossum2009PythonManual,
    title = {{Python 3 Reference Manual}},
    year = {2009},
    author = {Van Rossum, Guido and Drake, Fred L},
    publisher = {CreateSpace},
    address = {Scotts Valley, CA},
    isbn = {1441412697}
}

@book{VanderPlas2016PythonData,
    title = {{Python Data Science Handbook: Essential Tools for Working with Data}},
    year = {2016},
    author = {VanderPlas, Jake},
    edition = {1st},
    publisher = {O'Reilly Media, Inc.},
    isbn = {1491912057}
}

@inproceedings{Ho1995RandomForests,
    title = {{Random decision forests}},
    year = {1995},
    booktitle = {Proceedings of 3rd International Conference on Document Analysis and Recognition},
    author = {Ho, Tin Kam},
    number = {},
    pages = {278--282},
    volume = {1},
    doi = {10.1109/ICDAR.1995.598994}
}

@article{Breiman2001RandomForests,
    title = {{Random Forests}},
    year = {2001},
    journal = {Machine Learning},
    author = {Breiman, Leo},
    number = {1},
    pages = {5--32},
    volume = {45},
    doi = {10.1023/A:1010933404324},
    issn = {08856125}
}

@book{Fowler1999Refactoring:Code,
    title = {{Refactoring: Improving the Design of Existing Code}},
    year = {1999},
    author = {Fowler, Martin},
    publisher = {Addison-Wesley Longman Publishing Co., Inc.},
    address = {USA},
    isbn = {0201485672}
}

@misc{S3cmd:Https://s3tools.org/s3cmd,
    title = {{S3cmd: https://s3tools.org/s3cmd}},
    url = {https://s3tools.org/s3cmd}
}

@misc{2021Scikit-LearnPython,
    title = {{Scikit-Learn, Herramienta b{\'{a}}sica para el Data Science en Python}},
    year = {2021},
    booktitle = {Universidad de Alcal{\'{a}}},
    url = {https://www.master-data-scientist.com/scikit-learn-data-science/}
}

@article{Pedregosa2011Scikit-learn:Python,
    title = {{Scikit-learn: Machine Learning in Python}},
    year = {2011},
    journal = {Journal of Machine Learning Research},
    author = {Pedregosa, F and Varoquaux, G and Gramfort, A},
    pages = {2825--2830},
    volume = {12}
}

@book{Palacio2022ScrumMaster,
    title = {{Scrum Master}},
    year = {2022},
    author = {Palacio, Marta},
    edition = {3.07},
    month = {2},
    publisher = {Iubaris Info 4 Media}
}

@article{Fei2008SolvingApproach,
    title = {{Solving surgical cases assignment problem by a branch-and-price approach}},
    year = {2008},
    journal = {International Journal of Production Economics},
    author = {Fei, H. and Chu, C. and Meskens, N. and Artiba, A.},
    number = {1},
    month = {3},
    pages = {96--108},
    volume = {112},
    publisher = {Elsevier},
    doi = {10.1016/J.IJPE.2006.08.030},
    issn = {0925-5273},
    keywords = {Branch-and-price, Column generation, Dantzig-Wolfe decomposition, Surgical cases assignment problem}
}

@article{Wright1996StatisticalTime,
    title = {{Statistical Modeling to Predict Elective Surgery Time}},
    year = {1996},
    journal = {Anesthesiology},
    author = {Wright, Ian H. and Kooperberg, Charles and Bonar, Barbara A. and Bashein, Gerard},
    number = {6},
    month = {12},
    pages = {1235--1245},
    volume = {85},
    doi = {10.1097/00000542-199612000-00003},
    issn = {0003-3022}
}

@article{Belyadi2021SupervisedLearning,
    title = {{Supervised learning}},
    year = {2021},
    journal = {Machine Learning Guide for Oil and Gas Using Python},
    author = {Belyadi, Hoss and Haghighat, Alireza},
    month = {1},
    pages = {169--295},
    publisher = {Gulf Professional Publishing},
    isbn = {978-0-12-821929-4},
    doi = {10.1016/B978-0-12-821929-4.00004-4}
}

@misc{PeterssonSupervisedLearning,
    title = {{Supervised Learning}},
    author = {Petersson, David},
    url = {https://www.techtarget.com/searchenterpriseai/definition/supervised-learning}
}

@article{Pham2008SurgicalProblem,
    title = {{Surgical case scheduling as a generalized job shop scheduling problem}},
    year = {2008},
    journal = {European Journal of Operational Research},
    author = {Pham, Dinh Nguyen and Klinkert, Andreas},
    number = {3},
    month = {3},
    pages = {1011--1025},
    volume = {185},
    publisher = {North-Holland},
    doi = {10.1016/J.EJOR.2006.03.059},
    issn = {0377-2217},
    keywords = {Blocking job shop, Job insertion, Multimode job shop, OR in health services, Surgical case scheduling}
}

@article{Wheelock2015TheTeamwork,
    title = {{The Impact of Operating Room Distractions on Stress, Workload, and Teamwork}},
    year = {2015},
    journal = {Annals of Surgery},
    author = {Wheelock, Ana and Suliman, Amna and Wharton, Rupert and Babu, E. D. and Hull, Louise and Vincent, Charles and Sevdalis, Nick and Arora, Sonal},
    number = {6},
    month = {6},
    pages = {1079--1084},
    volume = {261},
    doi = {10.1097/SLA.0000000000001051},
    issn = {0003-4932}
}

@article{CoelloCoello2002TheoreticalArt,
    title = {{Theoretical and numerical constraint-handling techniques used with evolutionary algorithms: a survey of the state of the art}},
    year = {2002},
    journal = {Computer Methods in Applied Mechanics and Engineering},
    author = {Coello Coello, Carlos A.},
    number = {11-12},
    month = {1},
    pages = {1245--1287},
    volume = {191},
    publisher = {North-Holland},
    doi = {10.1016/S0045-7825(01)00323-1},
    issn = {0045-7825},
    keywords = {Constraints handling, Evolutionary algorithms, Evolutionary optimization}
}

@article{Koen1984TowardMethod,
    title = {{Toward a Definition of the Engineering Method}},
    year = {1984},
    journal = {Engineering Education},
    author = {Koen, Billy Vaughn},
    number = {3},
    month = {12},
    pages = {150--155},
    volume = {75}
}