@article{Bargetto2023AConstraints,
    title = {{A branch-and-price-and-cut algorithm for operating room scheduling under human resource constraints}},
    year = {2023},
    journal = {Computers {\&} Operations Research},
    author = {Bargetto, Roberto and Garaix, Thierry and Xie, Xiaolan},
    month = {4},
    pages = {106136},
    volume = {152},
    publisher = {Pergamon},
    doi = {10.1016/J.COR.2022.106136},
    issn = {0305-0548},
    keywords = {Bendersâ€™ cuts, Branch-and-price-and-cut, Column generation, Labeling algorithm, Operating room scheduling, Operations research in healthcare}
}

@article{Celik2023APrinciple,
    title = {{A stochastic programming approach to surgery scheduling under parallel processing principle}},
    year = {2023},
    journal = {Omega},
    author = {{\c{C}}elik, Batuhan and Gul, Serhat and {\c{C}}elik, Melih},
    month = {2},
    pages = {102799},
    volume = {115},
    publisher = {Pergamon},
    doi = {10.1016/J.OMEGA.2022.102799},
    issn = {0305-0483},
    keywords = {Parallel processing, Progressive hedging, Stochastic programming, Surgery scheduling}
}

@article{Geurtsen2023ProductionReview,
    title = {{Production, maintenance and resource scheduling: A review}},
    year = {2023},
    journal = {European Journal of Operational Research},
    author = {Geurtsen, M. and Didden, Jeroen B.H.C. and Adan, J. and Atan, Z. and Adan, I.},
    number = {2},
    month = {3},
    pages = {501--529},
    volume = {305},
    publisher = {North-Holland},
    doi = {10.1016/J.EJOR.2022.03.045},
    issn = {0377-2217},
    keywords = {Maintenance, Production, Resource, Review, Scheduling}
}